<?xml version="1.0" encoding="UTF-8"?><collection xmlns="http://www.loc.gov/MARC21/slim"><record><leader>00537nam--2200181-u-4500</leader><controlfield tag="001">000052742</controlfield><controlfield tag="002">20161230</controlfield><controlfield tag="005">20161230201050</controlfield><controlfield tag="008">101012s1000------------r-----000-0-eng-d</controlfield><datafield ind1=" " ind2=" " tag="020"><subfield code="a">0070499624</subfield></datafield><datafield ind1=" " ind2=" " tag="040"><subfield code="a">IFIN-HH</subfield></datafield><datafield ind1=" " ind2=" " tag="080"><subfield code="a">534:534.8</subfield></datafield><datafield ind1="1" ind2=" " tag="100"><subfield code="a">Pierce, Allan D</subfield></datafield><datafield ind1="1" ind2="0" tag="245"><subfield code="a">Solutions Manual to Accompany: Acoustics</subfield><subfield code="b">An Introduction to Its Physical Principles and Applications</subfield><subfield code="c">Allan D. Pierce</subfield></datafield><datafield ind1=" " ind2=" " tag="260"><subfield code="a">New York</subfield><subfield code="b">McGraw-Hill Book Company</subfield><subfield code="c">1981</subfield></datafield><datafield ind1=" " ind2=" " tag="300"><subfield code="a">270 p</subfield></datafield><datafield ind1=" " ind2=" " tag="852"><subfield code="a">71463</subfield><subfield code="c">534</subfield></datafield><datafield ind1=" " ind2=" " tag="CAT"><subfield code="a">Sys</subfield><subfield code="c">20101012</subfield><subfield code="h">134627</subfield></datafield></record></collection>